% This file was created with JabRef 2.7b.
% Encoding: UTF-8

@BOOK{Crook1966,
  title = {Gelada baboon herd structure and movement. A comparative report},
  publisher = {na},
  year = {1966},
  author = {Crook, John Hurrell}
}

@ARTICLE{Dunbar1986,
  author = {Dunbar, RIM},
  title = {The social ecology of gelada baboons},
  journal = {Ecological aspects of social evolution: birds and mammals},
  year = {1986},
  pages = {332--351}
}

@ARTICLE{Dunbar1983,
  author = {Dunbar, RIM},
  title = {Structure of gelada baboon reproductive units. III. The male's relationship
	with his females},
  journal = {Animal Behaviour},
  year = {1983},
  volume = {31},
  pages = {565--575},
  number = {2},
  publisher = {Elsevier}
}

@ARTICLE{Dunbar1980,
  author = {Dunbar, RIM},
  title = {Determinants and evolutionary consequences of dominance among female
	gelada baboons},
  journal = {Behavioral Ecology and Sociobiology},
  year = {1980},
  volume = {7},
  pages = {253--265},
  number = {4},
  publisher = {Springer}
}

@ARTICLE{Dunbar1979,
  author = {Dunbar, RIM},
  title = {Structure of gelada baboon reproductive units: I. Stability of social
	relationships},
  journal = {Behaviour},
  year = {1979},
  pages = {72--87},
  publisher = {JSTOR}
}

@ARTICLE{Dunbar1974,
  author = {Dunbar, Robin and Dunbar, Patsy},
  title = {Social dynamics of gelada baboons.},
  journal = {Contributions to primatology},
  year = {1974},
  volume = {6},
  pages = {1--157}
}

@BOOK{Dunbar1984,
  title = {Reproductive decisions: an economic analysis of gelada baboon social
	strategies},
  publisher = {Princeton University Press Princeton, NJ},
  year = {1984},
  author = {Dunbar, Robin Ian MacDonald}
}

@BOOK{Gruter2004,
  title = {Nested societies: convergent adaptations of baboons and snub-nosed
	monkeys?},
  publisher = {German Primate Center},
  year = {2004},
  author = {Gr{\"u}ter, Cyril C and Zinner, Dietmar and Primatenzentrum, Deutsches}
}

@ARTICLE{Kawai1983,
  author = {Kawai, M and Ohsawa, H and Mori, U and Dunbar, R},
  title = {Social organization of gelada baboons: social units and definitions},
  journal = {Primates},
  year = {1983},
  volume = {24},
  pages = {13--24},
  number = {1},
  publisher = {Springer}
}

@ARTICLE{Ohsawa1984,
  author = {Ohsawa, H and Dunbar, RIM},
  title = {Variations in the demographic structure and dynamics of gelada baboon
	populations},
  journal = {Behavioral Ecology and Sociobiology},
  year = {1984},
  volume = {15},
  pages = {231--240},
  number = {3},
  publisher = {Springer}
}

@ARTICLE{Puga-Gonzalez2009,
  author = {Puga-Gonzalez, Ivan and Hildenbrandt, Hanno and Hemelrijk, Charlotte
	K},
  title = {Emergent patterns of social affiliation in primates, a model},
  journal = {PLoS computational biology},
  year = {2009},
  volume = {5},
  pages = {e1000630},
  number = {12},
  publisher = {Public Library of Science}
}

